<record><leader>04303cam a2200409 i 4500</leader><controlfield tag="001">6799161</controlfield><controlfield tag="003">OCoLC</controlfield><controlfield tag="005">20150123083558.0</controlfield><controlfield tag="008">140609s2015    ctuab    b    001 0 eng  </controlfield><datafield ind1=" " ind2=" " tag="010"><subfield code="a">  2014014291</subfield></datafield><datafield ind1=" " ind2=" " tag="020"><subfield code="a">9780300205169</subfield><subfield code="q">hardback</subfield></datafield><datafield ind1=" " ind2=" " tag="020"><subfield code="a">0300205163</subfield><subfield code="q">hardback</subfield></datafield><datafield ind1=" " ind2=" " tag="040"><subfield code="a">DLC</subfield><subfield code="e">rda</subfield><subfield code="b">eng</subfield><subfield code="c">DLC</subfield><subfield code="d">YDX</subfield><subfield code="d">YDXCP</subfield><subfield code="d">BTCTA</subfield><subfield code="d">BDX</subfield><subfield code="d">OCLCF</subfield><subfield code="d">YAM</subfield><subfield code="d">UAB</subfield><subfield code="d">AEU</subfield></datafield><datafield ind1=" " ind2=" " tag="042"><subfield code="a">pcc</subfield></datafield><datafield ind1=" " ind2=" " tag="043"><subfield code="a">t------</subfield><subfield code="a">r------</subfield></datafield><datafield ind1="0" ind2="0" tag="050"><subfield code="a">G593</subfield><subfield code="b">.D57 2015</subfield></datafield><datafield ind1="0" ind2="0" tag="082"><subfield code="a">919.8</subfield><subfield code="2">23</subfield></datafield><datafield ind1=" " ind2=" " tag="084"><subfield code="a">NAT010000</subfield><subfield code="a">POL044000</subfield><subfield code="a">POL024000</subfield><subfield code="2">bisacsh</subfield></datafield><datafield ind1=" " ind2=" " tag="090"><subfield code="a">G 593 D57 2015</subfield><subfield code="b">AEU</subfield></datafield><datafield ind1="0" ind2="0" tag="245"><subfield code="a">Diplomacy on ice :</subfield><subfield code="b">energy and the environment in the Arctic and Antarctic /</subfield><subfield code="c">edited by Rebecca H. Pincus, Saleem H. Ali ; foreword by James Gustave Speth.</subfield></datafield><datafield ind1=" " ind2="1" tag="264"><subfield code="a">New Haven [Connecticut] :</subfield><subfield code="b">Yale University Press,</subfield><subfield code="c">[2015]</subfield></datafield><datafield ind1=" " ind2=" " tag="300"><subfield code="a">xiv, 289 pages :</subfield><subfield code="b">illustrations, maps ;</subfield><subfield code="c">25 cm</subfield></datafield><datafield ind1=" " ind2=" " tag="336"><subfield code="a">text</subfield><subfield code="2">rdacontent</subfield></datafield><datafield ind1=" " ind2=" " tag="337"><subfield code="a">unmediated</subfield><subfield code="2">rdamedia</subfield></datafield><datafield ind1=" " ind2=" " tag="338"><subfield code="a">volume</subfield><subfield code="2">rdacarrier</subfield></datafield><datafield ind1=" " ind2=" " tag="504"><subfield code="a">Includes bibliographical references and index.</subfield></datafield><datafield ind1="0" ind2=" " tag="505"><subfield code="a">Introduction : A cold prelude to a warming world / Saleem H. Ali and Rebecca Pincus -- Polar environmental governance and nonstate actors / S&#233;bastien Duyck -- Interlinkages in international law : the Convention on Biological Diversity as a model for linking territory, environment, and indigenous rights in the marine Arctic / Betsy Baker -- An erosion of confidence? : the Antarctic Treaty System in the twenty-first century / Daniela Liggett -- Invasive species in the Arctic : concerns, regulations, and governance / Kamrul Hossain -- Managing polar policy through public and private regulatory standards : the case of tourism in the Antarctic / Michele Zebich-Knos -- From energy to knowledge? : building domestic knowledge-based sectors around hydro energy in Iceland and Greenland / Rasmus Gjedss&#248; Bertelsen and Klaus Georg Hansen -- Arctic melting tests the United Nations Convention on the Law of the Sea / Asim Zia, Ilan Kelman, and Michael H. Glantz -- Growth imperative : intermediaries, discourse frameworks, and the Arctic / Arthur Mason -- Connecting China through "creative diplomacy" : Greenland, Australia, and climate cooperation in polar regions / Damien Degeorges and Saleem H. Ali -- Security in the Arctic : a receding wall / Rebecca Pincus -- Using human rights to improve Arctic governance / Rebecca Bratspies -- Cooperative food sharing in Sheshatshiu : uncovering scenarios to support the emergent capacity of northern communities / Dami&#225;n Castro, Glen Lesins, Rachel Hirsch, and Kaz Higuchi -- Crossing the land of indigenous people in the Arctic : comparison of Russian and North American experiences of economic growth and human rights in energy and infrastructure projects / Natalia Yakovleva and Richard Grover -- Emergent cooperation, or, checkmate by overwhelming collaboration : linear feet of reports, endless meetings / Glenn W. Sheehan and Anne M. Jensen -- From northern studies to circumpolar studies : in the field and in the ether / Kathleen Osgood and Steven B. Young -- Epilogue / Rebecca Pincus.</subfield></datafield><datafield ind1=" " ind2=" " tag="520"><subfield code="a">"As the race for resources in distant parts of the planet gathers momentum, most discussion has centered on the potential for conflict, environmental destruction, and upheaval from climate change. This important book shifts the conversation about the Arctic and Antarctic from conflict to cooperation. A multidisciplinary roster of experts provides fresh views of the polar regions, focusing on diplomacy and the potential for cooperative international decision-making. Collectively the contributors illustrate the breadth of issues that complicate governance in the Arctic and Antarctic, as well as parallels and differences between the politics of the two poles"--</subfield><subfield code="c">Provided by publisher.</subfield></datafield><datafield ind1=" " ind2=" " tag="596"><subfield code="a">48</subfield></datafield><datafield ind1=" " ind2="0" tag="650"><subfield code="a">Geopolitics</subfield><subfield code="z">Polar regions.</subfield></datafield><datafield ind1=" " ind2="0" tag="650"><subfield code="a">Energy development</subfield><subfield code="x">Environmental aspects</subfield><subfield code="z">Polar regions.</subfield></datafield><datafield ind1=" " ind2="0" tag="651"><subfield code="a">Polar regions</subfield><subfield code="x">International status.</subfield></datafield><datafield ind1="1" ind2=" " tag="700"><subfield code="a">Pincus, Rebecca H.,</subfield><subfield code="e">editor.</subfield></datafield><datafield ind1="1" ind2=" " tag="700"><subfield code="a">Ali, Saleem H.</subfield><subfield code="q">(Saleem Hassan),</subfield><subfield code="d">1973-</subfield><subfield code="e">editor.</subfield></datafield><datafield ind1="1" ind2=" " tag="700"><subfield code="a">Speth, James Gustave,</subfield><subfield code="e">author of foreword.</subfield></datafield><datafield ind1=" " ind2=" " tag="949"><subfield code="a">G 593 D57 2015</subfield><subfield code="c">1</subfield><subfield code="h">UASC-P-B</subfield><subfield code="i">0162035229861</subfield></datafield><datafield ind1=" " ind2=" " tag="926"><subfield code="a">G 593 D57 2015</subfield><subfield code="w">LC</subfield><subfield code="c">1</subfield><subfield code="i">0162035229861</subfield><subfield code="l">ON_SHELF</subfield><subfield code="m">UASCITECH</subfield><subfield code="p">$150.00</subfield><subfield code="r">Y</subfield><subfield code="s">Y</subfield><subfield code="t">BOOK</subfield><subfield code="u">2/4/2015</subfield></datafield></record>